<record><leader>00000cas a22000007a 4500</leader><controlfield tag="001">22718082</controlfield><controlfield tag="008">901120d192719uunmusr ne      0    0eng d</controlfield><datafield ind1=" " ind2=" " tag="010"><subfield code="a">sn 90051939 </subfield></datafield><datafield ind1=" " ind2=" " tag="040"><subfield code="a">CNQ</subfield><subfield code="b">eng</subfield><subfield code="c">CNQ</subfield><subfield code="d">NVM</subfield><subfield code="d">OCLCQ</subfield><subfield code="d">OCLCF</subfield><subfield code="d">OCLCO</subfield></datafield><datafield ind1="1" ind2=" " tag="029"><subfield code="a">AU@</subfield><subfield code="b">000025854646</subfield></datafield><datafield ind1=" " ind2=" " tag="042"><subfield code="a">msc</subfield></datafield><datafield ind1=" " ind2=" " tag="043"><subfield code="a">n-us-nm</subfield><subfield code="a">n-us-tx</subfield></datafield><datafield ind1="0" ind2=" " tag="130"><subfield code="a">Oil news (Amarillo, Tex.)</subfield></datafield><datafield ind1="1" ind2="4" tag="245"><subfield code="a">The oil news.</subfield></datafield><datafield ind1=" " ind2=" " tag="260"><subfield code="a">Amarillo, Tex. :</subfield><subfield code="b">Tom Hughes</subfield></datafield><datafield ind1=" " ind2=" " tag="300"><subfield code="a">v.</subfield></datafield><datafield ind1=" " ind2=" " tag="310"><subfield code="a">Semimonthly,</subfield><subfield code="b">&lt;Dec. 26, 1927-Dec. 21, 1953&gt;</subfield></datafield><datafield ind1=" " ind2=" " tag="321"><subfield code="a">Weekly,</subfield><subfield code="b">Feb. 19-&lt;Apr. 4, 1927&gt;</subfield></datafield><datafield ind1="0" ind2=" " tag="362"><subfield code="a">Vol. 2, no. 46 (Feb. 19, 1927)-</subfield></datafield><datafield ind1=" " ind2=" " tag="500"><subfield code="a">Later published in Albuquerque, N.M.</subfield></datafield><datafield ind1=" " ind2="0" tag="650"><subfield code="a">Petroleum industry and trade</subfield><subfield code="z">New Mexico</subfield><subfield code="v">Newspapers.</subfield></datafield><datafield ind1=" " ind2="0" tag="650"><subfield code="a">Petroleum industry and trade</subfield><subfield code="z">Texas</subfield><subfield code="v">Newspapers.</subfield></datafield><datafield ind1=" " ind2="7" tag="655"><subfield code="a">Newspapers.</subfield><subfield code="2">fast</subfield><subfield code="0">(OCoLC)fst01423814</subfield></datafield><datafield ind1=" " ind2="7" tag="650"><subfield code="a">Petroleum industry and trade.</subfield><subfield code="2">fast</subfield><subfield code="0">(OCoLC)fst01059546</subfield></datafield><datafield ind1=" " ind2="7" tag="651"><subfield code="a">New Mexico.</subfield><subfield code="2">fast</subfield><subfield code="0">(OCoLC)fst01204269</subfield></datafield><datafield ind1=" " ind2="7" tag="651"><subfield code="a">Texas.</subfield><subfield code="2">fast</subfield><subfield code="0">(OCoLC)fst01210336</subfield></datafield><datafield ind1=" " ind2=" " tag="752"><subfield code="a">United States</subfield><subfield code="b">New Mexico</subfield><subfield code="c">Bernalillo</subfield><subfield code="d">Albuquerque.</subfield></datafield><datafield ind1=" " ind2=" " tag="752"><subfield code="a">United States</subfield><subfield code="b">Texas</subfield><subfield code="c">Potter</subfield><subfield code="d">Amarilo.</subfield></datafield><datafield ind1="0" ind2="0" tag="780"><subfield code="t">Panhandle New Mexico oil news</subfield><subfield code="w">(DLC)sn 94056887</subfield></datafield><datafield ind1="0" ind2="0" tag="785"><subfield code="t">Oil news and uranium digest</subfield><subfield code="w">(DLC)sn 94056891</subfield></datafield></record>